<record><leader>00000cas a22000007a 4500</leader><controlfield tag="001">17008750</controlfield><controlfield tag="008">871120d19591963txudr ne      0    0eng d</controlfield><datafield ind1=" " ind2=" " tag="010"><subfield code="a">sn 87091213 </subfield></datafield><datafield ind1=" " ind2=" " tag="040"><subfield code="a">PPM</subfield><subfield code="b">eng</subfield><subfield code="c">PPM</subfield><subfield code="d">NSD</subfield><subfield code="d">PPM</subfield><subfield code="d">OCLCQ</subfield></datafield><datafield ind1=" " ind2=" " tag="042"><subfield code="a">msc</subfield></datafield><datafield ind1="0" ind2=" " tag="130"><subfield code="a">Daily news Texan (Arlington, Tex.)</subfield></datafield><datafield ind1="1" ind2="4" tag="245"><subfield code="a">The daily news Texan.</subfield></datafield><datafield ind1=" " ind2=" " tag="260"><subfield code="a">Arlington, Tex. :</subfield><subfield code="b">Arlington Daily News-Texan,</subfield><subfield code="c">1959-1963.</subfield></datafield><datafield ind1=" " ind2=" " tag="310"><subfield code="a">Daily</subfield></datafield><datafield ind1="0" ind2=" " tag="362"><subfield code="a">Vol. 7, no. 123 (May 26, 1959)-v. 55, no. 93 (Apr. 27, 1963).</subfield></datafield><datafield ind1=" " ind2=" " tag="752"><subfield code="a">United States</subfield><subfield code="b">Texas</subfield><subfield code="c">Tarrant</subfield><subfield code="d">Arlington.</subfield></datafield><datafield ind1="0" ind2="0" tag="780"><subfield code="t">Arlington daily-news Texan (Arlington, Tex. : 1958)</subfield><subfield code="w">(DLC)sn 86088109</subfield></datafield><datafield ind1="0" ind2="0" tag="785"><subfield code="t">Arlington news Texan</subfield><subfield code="w">(DLC)sn 88083410</subfield><subfield code="w">(OCoLC)17896881</subfield></datafield></record>